@article{li2019spatial,
    title = {Spatial pattern matching: a new direction for finding spatial objects},
    author = {Li, Yun and Fang, Yixiang and Cheng, Reynold and Zhang, Wenjie},
    journal = {SIGSPATIAL Special},
    volume = {11},
    number = {1},
    pages = {3--12},
    year = {2019},
    publisher = {ACM}
}

@article{norris2013new,
    title = {The new research agenda studying electoral integrity},
    author = {Norris, Pippa},
    journal = {Elect. Stud.},
    volume = {32},
    number = {4},
    pages = {563--575},
    year = {2013},
    publisher = {Elsevier}
}

@book{fotheringham2003geographically,
    title = {Geographically weighted regression: the analysis of spatially varying relationships},
    author = {Fotheringham, A Stewart and Brunsdon, Chris and Charlton, Martin},
    year = {2003},
    publisher = {John Wiley \& Sons}
}

@incollection{fischer2006spatial,
    title = {Spatial analysis in geography},
    author = {Fischer, Manfred M},
    booktitle = {Spatial Analysis and GeoComputation: Selected Essays},
    pages = {17--28},
    year = {2006},
    publisher = {Springer}
}

@article{charney2015between,
    title = {Between electoral and urban geography: Voting patterns and socio-spatial dynamics in {Tel Aviv}},
    author = {Charney, Igal and Malkinson, Dan},
    journal = {Appl. Geogr.},
    volume = {58},
    pages = {1--6},
    year = {2015},
    publisher = {Elsevier}
}

@article{agnew1996maps,
    title = {Maps and models in political studies: a reply to comments},
    author = {Agnew, John},
    journal = {Political Geography},
    volume = {15},
    number = {2},
    pages = {165--167},
    year = {1996},
    publisher = {Pergamon}
}

@article{o2010geographic,
    title = {Geographic information analysis and spatial data},
    author = {O’Sullivan, David and Unwin, David J},
    journal = {Geographic Information Analysis, John Wiley \& Sons Ltd},
    pages = {1--32},
    year = {2010}
}

@article{mansley2015space,
    title = {Space matters: Geographic variability of electoral turnout determinants in the 2012 London mayoral election},
    author = {Mansley, Ewan and Dem{\v{s}}ar, Ur{\v{s}}ka},
    journal = {Elect. Stud.},
    volume = {40},
    pages = {322--334},
    year = {2015},
    publisher = {Elsevier}
}

@article{martikainen2005effect,
    title = {The effect of socioeconomic factors on voter turnout in Finland: A register-based study of 2.9 million voters},
    author = {Martikainen, Pekka and Martikainen, Tuomo and Wass, Hanna},
    journal = {European journal of political research},
    volume = {44},
    number = {5},
    pages = {645--669},
    year = {2005},
    publisher = {Wiley Online Library}
}

@article{lehoucq2003electoral,
    title = {Electoral fraud: Causes, types, and consequences},
    author = {Lehoucq, Fabrice},
    journal = {Annu. Rev. Polit. Sci.},
    volume = {6},
    number = {1},
    pages = {233--256},
    year = {2003},
    publisher = {Annual Reviews 4139 El Camino Way, PO Box 10139, Palo Alto, CA 94303-0139, USA}
}

@incollection{getis2010spatial,
    title = {Spatial autocorrelation},
    author = {Getis, Arthur},
    booktitle = {Handbook of applied spatial analysis},
    pages = {255--278},
    year = {2010},
    publisher = {Springer}
}

@article{cliff1972testing,
    title = {Testing for spatial autocorrelation among regression residuals},
    author = {Cliff, Andrew and Ord, Keith},
    journal = {Geogr. Anal.},
    volume = {4},
    number = {3},
    pages = {267--284},
    year = {1972},
    publisher = {Wiley Online Library}
}

@article{tobler1970computer,
    title = {A computer movie simulating urban growth in the {Detroit} region},
    author = {Tobler, Waldo R},
    journal = {Econ. Geogr.},
    volume = {46},
    number = {sup1},
    pages = {234--240},
    year = {1970},
    publisher = {Taylor \& Francis}
}

@article{okunev2020regional,
    title = {Regional Disparities of Electoral Behaviour in Poland: Comparative Spatial Analysis},
    author = {Okunev, I Yu and Gorelova, Ju S and Gruzdeva, EE},
    journal = {Comparative Politics Russia},
    volume = {12},
    number = {1},
    pages = {149--160},
    year = {2020}
}

@inbook{reid2019,
    author = {Reid, Ben and Liu, Gang-Jun},
    editor = {Grant, Bligh and Moore, Tod and Lynch, Tony},
    title = {One Nation and the Heartland's Cleavage: An Exploratory Spatial Data Analysis},
    bookTitle = {The Rise of Right-Populism: Pauline Hanson's One Nation and Australian Politics},
    year = {2019},
    publisher = {Springer},
    address = {Singapore},
    pages = {79-102},
    isbn = {978-981-13-2670-7},
    doi = {10.1007/978-981-13-2670-7_5}
}

@article{zucco,
    author = {Zucco, Cesar and Power, Timothy},
    year = {2020},
    month = {01},
    pages = {},
    title = {Fragmentation Without Cleavages? Endogenous Fractionalization in the Brazilian Party System},
    journal = {Comparative Politics},
    doi = {10.5129/001041521X15941508069585}
}

@inproceedings{recuero2020,
    title = {Hyperpartisanship, disinformation and political conversations on Twitter: The Brazilian presidential election of 2018},
    author = {Recuero, Raquel and Soares, Felipe Bonow and Gruzd, Anatoliy},
    booktitle = {AAAI ICWSM},
    volume = {14},
    pages = {569--578},
    year = {2020}
}

@inproceedings{praciano2018,
    title = {Spatio-temporal trend analysis of the Brazilian elections based on Twitter data},
    author = {Praciano, Bruno Justino Garcia and da Costa, Jo{\~a}o Paulo Carvalho Lustosa and Maranh{\~a}o, Jo{\~a}o Paulo Abreu and de Mendon{\c{c}}a, F{\'a}bio L{\'u}cio Lopes and de Sousa J{\'u}nior, Rafael Timoteo and Prettz, Juliano Barbosa},
    booktitle = {ICDMW},
    pages = {1355--1360},
    year = {2018},
    organization = {IEEE}
}

@article{faustino2019data,
    title = {A data-driven network approach for characterization of political parties’ ideology dynamics},
    author = {Faustino, Josemar and Barbosa, Hugo and Ribeiro, Eraldo and Menezes, Ronaldo},
    journal = {Appl. Netw. Sci.},
    volume = {4},
    number = {1},
    pages = {1--15},
    year = {2019},
    publisher = {Springer}
}

@article{ploton2020,
    title = {Spatial validation reveals poor predictive performance of large-scale ecological mapping models},
    author = {Ploton, Pierre and Mortier, Fr{\'e}d{\'e}ric and others},
    journal = {Nat. Commun.},
    volume = {11},
    number = {1},
    pages = {1--11},
    year = {2020},
    publisher = {Nature Publishing Group}
}

@article{roberts2017,
    title = {Cross-validation strategies for data with temporal, spatial, hierarchical, or phylogenetic structure},
    author = {Roberts, David R and Bahn, Volker and Ciuti, Simone and Boyce, Mark S and others},
    journal = {Ecography},
    volume = {40},
    number = {8},
    pages = {913--929},
    year = {2017},
    publisher = {Wiley Online Library}
}

@article{shin2011,
    title = {Spatial regression for electoral studies: The case of the Italian Lega Nord},
    author = {Shin, Michael and Agnew, John},
    journal = {Revitalizing electoral geography},
    pages = {59--74},
    year = {2011},
    publisher = {Ashgate Farnham, UK}
}

@article{miller2020,
    title = {A spatial exploration of the halo effect in the 2016 US presidential election},
    author = {Miller, Jennifer A and Grubesic, Tony H},
    journal = {Annals of the American Association of Geographers},
    pages = {1--16},
    year = {2020},
    publisher = {Taylor \& Francis}
}

@article{lucas2020,
    author = {Jacintho, Lucas Henrique Mantovani and Silva, Tiago Pinho and Parmezan, Antonio Rafael Sabino and Batista, Gustavo Enrique Almeida Prado Alves},
    title = {Analysing spatio-temporal voting patterns in Brazilian elections through a simple data science pipeline},
    journal = {J. Inf. Data Manag.},
    publisher = {SBC},
    pages = {1--16},
    issn = {2178-7107},
    year = {2021}
}

@article{pohjankukka2017estimating,
    title = {Estimating the prediction performance of spatial models via spatial k-fold cross validation},
    author = {Pohjankukka, Jonne and Pahikkala, Tapio and Nevalainen, Paavo and Heikkonen, Jukka},
    journal = {International Journal of Geographical Information Science},
    volume = {31},
    number = {10},
    pages = {2001--2019},
    year = {2017},
    publisher = {Taylor \& Francis}
}

@article{friedman2001greedy,
    title = {Greedy function approximation: a gradient boosting machine},
    author = {Friedman, Jerome H},
    journal = {Ann. Stat.},
    pages = {1189--1232},
    year = {2001},
    publisher = {JSTOR}
}

@inproceedings{hall2000correlation,
    author = {Mark A. Hall},
    title = {Correlation-based feature selection for discrete and numeric class machine learning},
    booktitle = {ICML},
    pages = {359--366},
    year = {2000}
}
    
@article{valavi2019blockcv,
    author = {Valavi, Roozbeh and Elith, Jane and Lahoz-Monfort, Jos{\'e} J. and Guillera-Arroita, Gurutzeta},
    title = {{blockCV}: An {R} package for generating spatially or environmentally separated folds for k-fold cross-validation of species distribution models},
    journal = {Methods Ecol. Evol.},
    volume = {10},
    number = {2},
    pages = {225--232},
    year = {2019}
}

@article{Parmezan:2017,
	author = {Parmezan, Antonio Rafael Sabino and Lee, Huei Diana and Wu, Feng Chung},
	title = {Metalearning for choosing feature selection algorithms in data mining: Proposal of a new framework},
	journal = {Expert Syst. Appl.},
	publisher = {Pergamon},
	volume = {75},
	pages = {1--24},
	address = {Tarrytown, United States of America},
	year = {2017}
}

@inproceedings{tiago2021graph,
  title={A Graph-Based Spatial Cross-Validation Approach for Assessing Models Learned with Selected Features to Understand Election Results},
  author={da Silva, Tiago Pinho and Parmezan, Antonio R. S. and Batista, Gustavo E. A. P. A.},
  booktitle={International Conference on Machine Learning and Applications},
  pages={909--915},
  year={2021},
  organization={IEEE}
}

@article{wadoux2021spatial,
  title={Spatial cross-validation is not the right way to evaluate map accuracy},
  author={Wadoux, Alexandre MJ-C and Heuvelink, Gerard BM and De Bruin, Sytze and Brus, Dick J},
  journal={Ecological Modelling},
  volume={457},
  pages={109692},
  year={2021},
  publisher={Elsevier}
}

@inproceedings{dietterich2000ensemble,
  title={Ensemble methods in machine learning},
  author={Dietterich, Thomas G},
  booktitle={International workshop on multiple classifier systems},
  pages={1--15},
  year={2000},
  organization={Springer}
}

@article{lundberg2017unified,
  title={A unified approach to interpreting model predictions},
  author={Lundberg, Scott M and Lee, Su-In},
  journal={Adv. Neural. Inf. Process. Syst.},
  volume={30},
  year={2017}
}

@article{layton2021demographic,
  title={Demographic polarization and the rise of the far right: Brazil’s 2018 presidential election},
  author={Layton, Matthew L and Smith, Amy Erica and Moseley, Mason W and Cohen, Mollie J},
  journal={Res. Politics},
  volume={8},
  year={2021},
  publisher={SAGE Publications Sage UK: London, England}
}

@article{pinheiro2020hope,
  title={From hope to hate: The rise of conservative subjectivity in Brazil},
  author={Pinheiro-Machado, Rosana and Scalco, Lucia Mury},
  journal={HAU: J. Ethnogr. Theory},
  volume={10},
  number={1},
  pages={21--31},
  year={2020},
  publisher={The University of Chicago Press Chicago, IL}
}

@inproceedings{li2019deep,
  title={Deep hierarchical graph convolution for election prediction from geospatial census data},
  author={Li, Mike and Perrier, Elija and Xu, Chang},
  booktitle={AAAI Conference on Artificial Intelligence},
  volume={33},
  pages={647--654},
  year={2019}
}

@article{graefe2019accuracy,
  title={Accuracy gains from conservative forecasting: Tests using variations of 19 econometric models to predict 154 elections in 10 countries},
  author={Graefe, Andreas and Green, Kesten C and Armstrong, J Scott},
  journal={PloS One},
  volume={14},
  number={1},
  pages={e0209850},
  year={2019},
  publisher={Public Library of Science San Francisco, CA USA}
}

@article{graefe2019accuracy2,
  title={Accuracy of German federal election forecasts, 2013 \& 2017},
  author={Graefe, Andreas},
  journal={International Journal of Forecasting},
  volume={35},
  number={3},
  pages={868--877},
  year={2019},
  publisher={Elsevier}
}

@article{chauhan2021emergence,
  title={The emergence of social media data and sentiment analysis in election prediction},
  author={Chauhan, Priyavrat and Sharma, Nonita and Sikka, Geeta},
  journal={J. Ambient Intell. Humaniz. Comput.},
  volume={12},
  number={2},
  pages={2601--2627},
  year={2021},
  publisher={Springer}
}

@article{jiang2019spatial,
  title={Spatial ensemble learning for heterogeneous geographic data with class ambiguity},
  author={Jiang, Zhe and Sainju, Arpan Man and Li, Yan and Shekhar, Shashi and Knight, Joseph},
  journal={ACM Trans. Intell. Syst. Technol.},
  volume={10},
  number={4},
  pages={1--25},
  year={2019},
  publisher={ACM}
}

@article{koeppen2021places,
  title={Places that don't matter or people that don't matter? A multilevel modelling approach to the analysis of the geographies of discontent},
  author={Koeppen, Luise and Ballas, Dimitris and Edzes, Arjen and Koster, Sierdjan},
  journal={Regional Science Policy \& Practice},
  volume={13},
  number={2},
  pages={221--245},
  year={2021},
  publisher={Wiley Online Library}
}

@article{stewart2021scale,
  title={Scale, context, and heterogeneity: A spatial analytical perspective on the 2016 US presidential election},
  author={Stewart Fotheringham, A and Li, Ziqi and Wolf, Levi John},
  journal={Annals of the American Association of Geographers},
  volume={111},
  number={6},
  pages={1602--1621},
  year={2021},
  publisher={Taylor \& Francis}
}